@article{eklund,
    author   = "Anders Eklund and Thomas E. Nichols and Hans Knutsson",
    title   = "Cluster failure: Why fMRI inferences for spatial extent have inflated false-positive rates",
    journal = "Proceedings of the National Academy of Sciences of the United States of America (PNAS)",
    volume = "113",
    issue = "28",
    pages = "7900-7905",
    year = "2016",
    month = "6",
    day = "28",
    doi = "10.1073/pnas.1602413113"
}

@article{lynch,
    author   = "Clifford A. Lynch",
    title    = "Institutional Repositories: Essential Infrastructure For Scholarship In The Digital Age",
    journal = "Libraries and the Academy",
    volume = "3",
    issue = "2",
    pages = "327-336",
    year = "2003",
    month = "4",
    doi = "10.1353/pla.2003.0039"
}

@article{seekblastn,
    author = "Jennifer A. Byrne and Cyril Labb\`{e}",
    title = "Striking similarities between publications from China describing single gene knockdown experiments in human cancer cell lines",
    journal = "Scientometrics",
    volume = "110",
    pages = "1471–1493",
    year = 2017,
    month = 3,
    doi = "10.1007/s11192-016-2209-6"
}

@article{patil,
    author = "Prasad Patil and Roger D. Peng and Jeffrey T. Leek",
    title = "A statistical definition for reproducibility and replicability",
    journal = "bioR$\chi$iv",
    year = 2016,
    month = 7,
    day = 29,
    doi = "10.1101/066803"
}

@techreport{h2020,
    author      = "{Directorate-General for Research \& Innovation}",
    title       = "2020 Programme -- Guidelines to the Rules on Open Access to Scientific Publications and Open Access to Research Data in Horizon 2020",
    institution = "European Commission",
    number      = "3.2",
    year        = "2017",
    url         = "https://web.archive.org/web/20180826235248/http://ec.europa.eu/research/participants/data/ref/h2020/grants_manual/hi/oa_pilot/h2020-hi-oa-pilot-guide_en.pdf"
}

@misc{nih,
    author  = "{National Institutes of Health}",
    title   = "NIH Public Access Policy Details",
    url     = "https://web.archive.org/web/20180421191423/https://publicaccess.nih.gov/policy.htm",
    note    = "Accessed April 21, 2018"
}

@misc{scidat,
    author = "{Springer Nature}",
    title  = "Research Data Support",
    url    = "https://web.archive.org/web/20180309193834/https://www.springernature.com/gp/authors/research-data-policy",
    note    = "Accessed February 6, 2018"
}

@misc{elsdat,
    author = "{Elsevier}",
    title  = "Sharing research data",
    url    = "https://web.archive.org/web/20180528101029/https://www.elsevier.com/authors/author-services/research-data/",
    note   = "Accessed September 6, 2018" 
}

@techreport{niso,
    author      = "Jenn Riley",
    title       = "Understanding Metadata: What is Metadata, and What is it For?: A Primer",
    institution = "National Information Standards Organisation",
    month       = 1,
    year        = 2017,
    day         = 1,
    url         = "https://web.archive.org/web/20200311080656/https://groups.niso.org/apps/group_public/download.php/17446/Understanding%20Metadata.pdf"
}

@article{sanderson,
    author   = "Robert Sanderson and Mark Phillips and Herbert Van de Sompel",
    title   = "Analyzing the Persistence of Referenced Web Resources with Memento",
    journal = "ar$\chi$iv.org",
    year = 2011,
    month = 5,
    day = 17,
    url = "https://arxiv.org/abs/1105.3459"
}

@misc{doihandle,
    author = "{DOI Foundation}",
    title  = "DOI System and the Handle System",
    url    = "https://web.archive.org/web/20180112115303/https://www.doi.org/factsheets/DOIHandle.html",
    note   = "Accessed September 6, 2018" 
}

@techreport{rdf,
    author      = "{W3C RDF Working Group}",
    title       = "Resource Description Framework (RDF)",
    institution = "World Wide Web Consortium (W3C)",
    month       = 2,
    year        = 2014,
    day         = 25,
    url         = "https://www.w3.org/RDF/"
}

@article{rrid,
    author = "Anita Bandrowski1 and Matthew Brush2 and Jeffery S. Grethe and Melissa A. Haendel and David N. Kennedy and Sean Hill and Patrick R. Hof and Maryann E. Martone1 and Maaike Pols and Serena Tan and Nicole Washington and Elena Zudilova-Seinstra and Nicole Vasilevsky",
    title = "The Resource Identification Initiative: A cultural shift in publishing",
    journal = "F1000Research",
    volume = "4",
    year = "2015",
    number = "134",
    doi = "10.12688/f1000research.6555.2"
}

@article{fair,
    author = "Mark D. Wilkinson and Michel Dumontier and IJsbrand Jan Aalbersberg and Gabrielle Appleton and Myles Axton and Arie Baak and Niklas Blomberg and Jan-Willem Boiten and Luiz Bonino da Silva Santos and Philip E. Bourne and Jildau Bouwman and Anthony J. Brookes and Tim Clark and Mercè Crosas and Ingrid Dillo and Olivier Dumon and Scott Edmunds and Chris T. Evelo and Richard Finkers and Alejandra Gonzalez-Beltran and Alasdair J.G. Gray and Paul Groth and Carole Goble and Jeffrey S. Grethe and Jaap Heringa and Peter A.C ’t Hoen and Rob Hooft and Tobias Kuhn and Ruben Kok and Joost Kok and Scott J. Lusher and Maryann E. Martone and Albert Mons and Abel L. Packer and Bengt Persson and Philippe Rocca-Serra and Marco Roos and Rene van Schaik and Susanna-Assunta Sansone and Erik Schultes and Thierry Sengstag and Ted Slater and George Strawn and Morris A. Swertz and Mark Thompson and Johan van der Lei and Erik van Mulligen and Jan Velterop and Andra Waagmeester and Peter Wittenburg and Katherine Wolstencroft and Jun Zhao and Barend",
    title  = "The FAIR Guiding Principles for scientific data management and stewardship",
    journal = "Scientific Data",
    volume = "3",
    number = "160018",
    year = 2016,
    month = 3,
    day = 15,
    doi = "10.1038/sdata.2016.18"
}

@article{patriot,
    author = "Joris van Hoboken and Axel Arnbak and N.A.N.M. van Eijk",
    title = "Cloud Computing in Higher Education and Research Institutions and the USA Patriot Act",
    journal = "SSRN",
    year = 2012,
    month = 11,
    day = 27,
    doi = "10.2139/ssrn.2181534"
}

@misc{ccbyncndrisks,
    author = "Paul Klimpel",
    title = "Free Knowledge Based on Creative Commons Licences -- Consequences, risks and side-effects of the license module ``non-commercial use only - NC",
    year = 2012,
    url = "https://web.archive.org/web/20180402122740/https://openglam.org/files/2013/01/iRights_CC-NC_Guide_English.pdf"
}

@misc{anonrdata,
    author = "Andrew Clark",
    title = "Anonymising Research Data",
    year = 2006,
    url = "http://eprints.ncrm.ac.uk/480/",
    howpublished = "United Kingdom National Centre for Research Methods"
}

@article{bmjanon,
    author = "Khaled El Emam and Sam Rodgers",
    title = "Anonymising and sharing individual patient data",
    journal = "BMJ",
    volume = 350,
    number = "h1139",
    year = 2015,
    day = 20,
    month = 3,
    doi = "10.1136/bmj.h1139"
}

%%%%%%%%%%%%%%%%%%%%%%%%%%%%%%%%%%%%%%%%%%%%%%%%%%%%%%%%%%%%%%%%%%%%%

@misc{elastic,
    author  = "{Elasticsearch BV}",
    title   = "What is Elasticsearch?",
    url     = "http://web.archive.org/web/20191207032247/https://www.elastic.co/what-is/elasticsearch",
    note    = "Accessed December 7, 2029"
}

@misc{chem,
    author  = "Alan Hyndman",
    title   = "Figshare to power ChemRxiv™ Beta, New Chemistry Preprint Server For The Global Chemistry Community",
    url     = "http://web.archive.org/web/20191218194210/https://figshare.com/blog/_/322",
    year    = "2017",
    month   = "8" 
}

@misc{fir,
    author  = "Alan Hyndman",
    title   = "Announcing the figshare Institutional Repository...and Data Repository...and Thesis Repository...really just an all-in-one next gen repository",
    url     = "https://figshare.com/blog/Announcing_the_figshare_Institutional_Repository_and_Data_Repository_and_Thesis_Repository_really_just_an_all-in-one_next_gen_repository/389",
    year    = "2018",
    month   = "3" 
}

@misc{bridge,
    author  = "{The Samvera Community}",
    title   = "Bridge2Hyku",
    url     = "http://web.archive.org/web/20191218193423/https://bridge2hyku.github.io/toolkit/",
    note    = "Accessed December 18, 2019"

}

@article{cmu,
    author    = "David Scherer and Dan Valen",
    title     = "Balancing Multiple Roles of Repositories: Developing a Comprehensive Repository at Carnegie Mellon University",
    journal   = "Publications",
    volume   = "7",
    issue   = "2",
    year      = "2019",
    month    = "4",
    doi      = "10.3390/publications7020030"
} 

@misc{bepress,
    author  = "Roger C. Schonfeld",
    title   = "Elsevier Acquires bepress",
    url     = "http://web.archive.org/web/20191212183253/https://scholarlykitchen.sspnet.org/2017/08/02/elsevier-acquires-bepress/",
    month   = "8",
    year    = "2017"
}

@misc{ref,
    author  = "{The REF Team}",
    title   = "Research Excellence Framework",
    url     = "http://web.archive.org/web/20191215143352/https://www.ref.ac.uk/",
    note    = "Accessed December 15, 2019"
}

@article{tragedy,
    author    = "Steve Van Tuyl and Josh Gum and Margaret Mellinger and Gregorio Luis Ramirez and Brandon Straley and Ryan Wick and Hui Zhang",
    title     = "Are we still working on this? A meta-retrospective of a digital repository migration in the form of a classic Greek Tragedy (in extreme violation of Aristotelian Unity of Time)",
    journal   = "code\{4\}lib",
    issue   = "41",
    year      = "2018",
    month    = "8",
    url      = "https://journal.code4lib.org/articles/13581"
}

@misc{bepressdash,
    author  = "Bepress",
    title   = "Digital Commons Dashboard",
    url     = "http://web.archive.org/web/20191218192450/https://www.bepress.com/reference_guide_dc/digital-commons-dashboard/",
    note    = "Accessed December 18, 2019"
}

@mastersthesis{challenges,
	author		= "Do Van Chau",
	title		= "Challenges of metadata migration in digital repository: a case study of the migration of DUO to Dspace at the University of Oslo Library",
	year		= "2011",
	url         = "http://hdl.handle.net/10642/990"

}